<?xml version="1.0" encoding="UTF-8"?><record xmlns="http://www.loc.gov/MARC21/slim" xmlns:cinclude="http://apache.org/cocoon/include/1.0" xmlns:zs="http://www.loc.gov/zing/srw/">
  <leader>00408cz  a2200121n  4500</leader>
  <controlfield tag="001">n 2004072445</controlfield>
  <controlfield tag="003">DLC</controlfield>
  <controlfield tag="005">20040412162801.0</controlfield>
  <controlfield tag="008">040412n| acannaabn           n aaa      </controlfield>
  <datafield tag="010" ind1=" " ind2=" ">
    <subfield code="a">n 2004072445</subfield>
  </datafield>
  <datafield tag="040" ind1=" " ind2=" ">
    <subfield code="a">DLC</subfield>
    <subfield code="b">eng</subfield>
    <subfield code="c">DLC</subfield>
  </datafield>
  <datafield tag="100" ind1="1" ind2=" ">
    <subfield code="a">Strong, E. I.</subfield>
  </datafield>
  <datafield tag="670" ind1=" " ind2=" ">
    <subfield code="a">NUCMC data from Navarro College (Corsicana, Tex.) for Hazard, R.G. Papers, 1860-1864</subfield>
    <subfield code="b">(Capt. E.I. Strong; quartermaster stationed at Brandy Station, Va.)</subfield>
  </datafield>
</record>